<?xml version="1.0" encoding="UTF-8"?><collection xmlns="http://www.loc.gov/MARC21/slim"><record><leader>00374nam--2200133-i-4500</leader><controlfield tag="001">000047398</controlfield><controlfield tag="002">20161230</controlfield><controlfield tag="005">20161230201046</controlfield><controlfield tag="008">060222s1000------------r-----000-0-eng-d</controlfield><datafield ind1=" " ind2=" " tag="080"><subfield code="a">530.16(047.1)</subfield></datafield><datafield ind1=" " ind2=" " tag="100"><subfield code="a">Wess, J</subfield></datafield><datafield ind1=" " ind2=" " tag="245"><subfield code="a">Fermi-bose-supersymmetry. (lectures given at the bonn summer school 1974)</subfield></datafield><datafield ind1=" " ind2=" " tag="260"><subfield code="a">Karlsruhe, Karlsruhe University, 1974, 27p</subfield></datafield><datafield ind1=" " ind2=" " tag="852"><subfield code="a">42892</subfield></datafield></record></collection>